@article{bott1985,
  title={On Some Recent Interactions Between Mathematics and Physics},
  author={Bott, Raoul},
  journal={Canadian Mathematical Bulletin},
  volume={28},
  number={2},
  pages={129-164},
  year={1985},
  publisher={Canadian Mathematical Society},
  doi={10.4153/CMB-1985-016-3}
}

@book{baez1994,
  title={Gauge Fields, Knots, and Gravity},
  author={Baez, John C. and Muniain, Javier P.},
  isbn={9810217293},
  lccn={94003438},
  publisher={World Scientific},
  year={1994},
  address={Singapore; River Edge, N.J.},
  language={English},
  pages={465}
}
