@book{donaldson,
  title = {Riemann Surfaces},
  author = {Donaldson, Simon},
  isbn = {9780199606740},
  series = {Oxford Graduate Texts in Mathematics},
  number = {22},
  publisher = {Oxford University Press},
  year = {2011},
  edition = {New Edition},
  pages = {256},
}

@book{forster,
  title = {Lectures on Riemann Surfaces},
  author = {Forster, Otto},
  series = {Graduate Texts in Mathematics},
  volume = {81},
  edition = {4th corrected printing},
  publisher = {Springer-Verlag},
  year = {1999},
  isbn = {0-387-90617-0},
}
