@book{alma991004499629703276,
author = {Ireland, Kenneth F.},
address = {New York},
booktitle = {A classical introduction to modern number theory},
isbn = {0387906258},
keywords = {Number theory},
language = {eng},
lccn = {81023265},
publisher = {Springer},
series = {Graduate texts in mathematics ; 84},
title = {A classical introduction to modern number theory / Kenneth Ireland, Michael, Michael Rosen.},
year = {1982},
}

